<record><leader>00000cas a2200000 a 4500</leader><controlfield tag="001">17311738</controlfield><controlfield tag="008">880106c19659999wauwr n       0    0eng d</controlfield><datafield ind1=" " ind2=" " tag="010"><subfield code="a">sn 88085034 </subfield></datafield><datafield ind1=" " ind2=" " tag="040"><subfield code="a">SLZ</subfield><subfield code="b">eng</subfield><subfield code="c">SLZ</subfield><subfield code="d">OCL</subfield><subfield code="d">OCLCQ</subfield></datafield><datafield ind1=" " ind2=" " tag="042"><subfield code="a">msc</subfield></datafield><datafield ind1=" " ind2=" " tag="043"><subfield code="a">n-us-wa</subfield></datafield><datafield ind1="0" ind2="0" tag="245"><subfield code="a">Roosevelt record.</subfield></datafield><datafield ind1=" " ind2=" " tag="260"><subfield code="a">Roosevelt, Wash. :</subfield><subfield code="b">Tribune Newspapers</subfield></datafield><datafield ind1=" " ind2=" " tag="300"><subfield code="a">v.</subfield></datafield><datafield ind1=" " ind2=" " tag="310"><subfield code="a">Weekly</subfield></datafield><datafield ind1="1" ind2=" " tag="362"><subfield code="a">Began with Sept. 14, 1965 issue.</subfield></datafield><datafield ind1=" " ind2=" " tag="500"><subfield code="a">"Serving South Klickitat, John Day, McNary Dam area &amp; Umatilla Lake."</subfield></datafield><datafield ind1=" " ind2=" " tag="588"><subfield code="a">Description based on: Vol. 8, no. 49 (Dec. 5, 1975).</subfield></datafield><datafield ind1=" " ind2="0" tag="651"><subfield code="a">Roosevelt (Wash.)</subfield><subfield code="v">Newspapers.</subfield></datafield><datafield ind1=" " ind2=" " tag="752"><subfield code="a">United States</subfield><subfield code="b">Washington</subfield><subfield code="c">Klickitat</subfield><subfield code="d">Roosevelt.</subfield></datafield><datafield ind1="1" ind2=" " tag="029"><subfield code="a">AU@</subfield><subfield code="b">000020498978</subfield></datafield></record>